<?xml version="1.0" encoding="UTF-8"?><record xmlns="http://www.loc.gov/MARC21/slim" xmlns:cinclude="http://apache.org/cocoon/include/1.0" xmlns:zs="http://www.loc.gov/zing/srw/">
  <leader>00516nz  a2200133n  4500</leader>
  <controlfield tag="001">n 2007064136</controlfield>
  <controlfield tag="003">DLC</controlfield>
  <controlfield tag="005">20070908075003.0</controlfield>
  <controlfield tag="008">070907n| acannaabn          |a aaa      </controlfield>
  <datafield tag="010" ind1=" " ind2=" ">
    <subfield code="a">n 2007064136</subfield>
  </datafield>
  <datafield tag="040" ind1=" " ind2=" ">
    <subfield code="a">DLC</subfield>
    <subfield code="b">eng</subfield>
    <subfield code="c">DLC</subfield>
  </datafield>
  <datafield tag="100" ind1="1" ind2=" ">
    <subfield code="a">Nevskiĭ, A. V.</subfield>
    <subfield code="q">(Aleksandr Vladimirovich)</subfield>
  </datafield>
  <datafield tag="400" ind1="1" ind2=" ">
    <subfield code="a">Nevskiĭ, Aleksandr Vladimirovich</subfield>
  </datafield>
  <datafield tag="670" ind1=" " ind2=" ">
    <subfield code="a">Nevskiĭ, A. V. Analiz i sintez vodnykh resursosberegai︠u︡shchikh khimiko-tekhnologicheskikh sistem, 2004:</subfield>
    <subfield code="b">t.p. (A.V. Nevskiĭ) colophon (Nevskiĭ, Aleksandr Vladimirovich)</subfield>
  </datafield>
</record>